<record><leader>00000cas a2200000 a 4500</leader><controlfield tag="001">43782554</controlfield><controlfield tag="008">000405u1946uuuutxu x ne      0    0spa c</controlfield><datafield ind1=" " ind2=" " tag="010"><subfield code="a">   00240337 </subfield></datafield><datafield ind1=" " ind2=" " tag="040"><subfield code="a">IXA</subfield><subfield code="b">eng</subfield><subfield code="c">IXA</subfield><subfield code="d">OCLCQ</subfield><subfield code="d">OCLCF</subfield><subfield code="d">OCLCO</subfield></datafield><datafield ind1="1" ind2=" " tag="029"><subfield code="a">AU@</subfield><subfield code="b">000021484889</subfield></datafield><datafield ind1=" " ind2=" " tag="042"><subfield code="a">pcc</subfield></datafield><datafield ind1=" " ind2=" " tag="043"><subfield code="a">n-us---</subfield><subfield code="a">n-us-tx</subfield><subfield code="a">n-mx---</subfield></datafield><datafield ind1="0" ind2=" " tag="130"><subfield code="a">Voz de Me&#769;xico (San Antonio, Tex.)</subfield></datafield><datafield ind1="1" ind2="3" tag="245"><subfield code="a">La voz de Me&#769;xico.</subfield></datafield><datafield ind1=" " ind2=" " tag="260"><subfield code="a">San Antonio, Tex. :</subfield><subfield code="b">Agrupacio&#769;n de Ciudadanos de Me&#769;xico en el Extranjero,</subfield><subfield code="c">[1946]-</subfield></datafield><datafield ind1=" " ind2=" " tag="300"><subfield code="a">v. :</subfield><subfield code="b">ill. ;</subfield><subfield code="c">46-56 cm.</subfield></datafield><datafield ind1=" " ind2=" " tag="310"><subfield code="a">Irregular,</subfield><subfield code="b">Apr. 27, 1947-</subfield></datafield><datafield ind1=" " ind2=" " tag="321"><subfield code="a">Weekly,</subfield><subfield code="b">1946-Mar 30 1947</subfield></datafield><datafield ind1="0" ind2=" " tag="362"><subfield code="a">An&#771;o 1, vol. 1, no. 1 (marzo 10 de 1945 [i.e. 1946])-</subfield></datafield><datafield ind1=" " ind2=" " tag="515"><subfield code="a">Issues for Nov. 15, 1963-&lt;Feb. 23, 1964&gt; also designated 4. e&#769;poca, no. 1-&lt;2&gt;.</subfield></datafield><datafield ind1=" " ind2=" " tag="588"><subfield code="a">Latest issue consulted: No. especial (abr. de 1970).</subfield></datafield><datafield ind1=" " ind2="0" tag="651"><subfield code="a">Mexico</subfield><subfield code="v">Newspapers.</subfield></datafield><datafield ind1=" " ind2="0" tag="651"><subfield code="a">San Antonio (Tex.)</subfield><subfield code="v">Newspapers.</subfield></datafield><datafield ind1=" " ind2="0" tag="650"><subfield code="a">Mexicans</subfield><subfield code="z">United States</subfield><subfield code="v">Newspapers.</subfield></datafield><datafield ind1=" " ind2="0" tag="650"><subfield code="a">Mexicans</subfield><subfield code="z">Texas</subfield><subfield code="v">Newspapers.</subfield></datafield><datafield ind1=" " ind2="0" tag="650"><subfield code="a">Mexican Americans</subfield><subfield code="v">Newspapers.</subfield></datafield><datafield ind1=" " ind2="7" tag="655"><subfield code="a">Newspapers.</subfield><subfield code="2">fast</subfield><subfield code="0">(OCoLC)fst01423814</subfield></datafield><datafield ind1=" " ind2="7" tag="650"><subfield code="a">Mexican Americans.</subfield><subfield code="2">fast</subfield><subfield code="0">(OCoLC)fst01019072</subfield></datafield><datafield ind1=" " ind2="7" tag="650"><subfield code="a">Mexicans.</subfield><subfield code="2">fast</subfield><subfield code="0">(OCoLC)fst01019244</subfield></datafield><datafield ind1=" " ind2="7" tag="651"><subfield code="a">Mexico.</subfield><subfield code="2">fast</subfield><subfield code="0">(OCoLC)fst01211700</subfield></datafield><datafield ind1=" " ind2="7" tag="651"><subfield code="a">Texas.</subfield><subfield code="2">fast</subfield><subfield code="0">(OCoLC)fst01210336</subfield></datafield><datafield ind1=" " ind2="7" tag="651"><subfield code="a">Texas</subfield><subfield code="z">San Antonio.</subfield><subfield code="2">fast</subfield><subfield code="0">(OCoLC)fst01205169</subfield></datafield><datafield ind1=" " ind2="7" tag="651"><subfield code="a">United States.</subfield><subfield code="2">fast</subfield><subfield code="0">(OCoLC)fst01204155</subfield></datafield><datafield ind1="2" ind2=" " tag="710"><subfield code="a">Agrupacio&#769;n de Ciudadanos de Me&#769;xico en el Extranjero.</subfield></datafield><datafield ind1=" " ind2=" " tag="752"><subfield code="a">United States</subfield><subfield code="b">Texas</subfield><subfield code="c">Bexar</subfield><subfield code="d">San Antonio.</subfield></datafield></record>